@article{picard2003affective,
  title={Affective computing: challenges},
  author={Picard, Rosalind W},
  journal={International Journal of Human-Computer Studies},
  volume={59},
  number={1},
  pages={55--64},
  year={2003},
  publisher={Elsevier}
}


@incollection{tao2005affective,
  title={Affective computing: A review},
  author={Tao, Jianhua and Tan, Tieniu},
  booktitle={Affective computing and intelligent interaction},
  pages={981--995},
  year={2005},
  publisher={Springer}
}


@article{koelstra2012deap,
  title={Deap: A database for emotion analysis; using physiological signals},
  author={Koelstra, Sander and Muhl, Christian and Soleymani, Mohammad and Lee, Jong-Seok and Yazdani, Ashkan and Ebrahimi, Touradj and Pun, Thierry and Nijholt, Anton and Patras, Ioannis},
  journal={Affective Computing, IEEE Transactions on},
  volume={3},
  number={1},
  pages={18--31},
  year={2012},
  publisher={IEEE}
}


@article{vstastny2003eeg,
  title={EEG signal classification: introduction to the problem},
  author={{\v{S}}t'astn{\`y}, Jakub and Sovka, Pavel and Stan{\v{c}}{\'a}k, Andrej},
  journal={Radioengineering},
  volume={12},
  number={3},
  pages={51--55},
  year={2003},
  publisher={Citeseer}
}

@article{teplan2002fundamentals,
  title={Fundamentals of EEG measurement},
  author={Teplan, Michal},
  journal={Measurement science review},
  volume={2},
  number={2},
  pages={1--11},
  year={2002}
}

@inproceedings{picard1999affective,
  title={Affective Computing for HCI.},
  author={Picard, Rosalind W},
  booktitle={HCI (1)},
  pages={829--833},
  year={1999}
}

@article{cowie2001emotion,
  title={Emotion recognition in human-computer interaction},
  author={Cowie, Roddy and Douglas-Cowie, Ellen and Tsapatsoulis, Nicolas and Votsis, George and Kollias, Stefanos and Fellenz, Winfried and Taylor, John G},
  journal={Signal Processing Magazine, IEEE},
  volume={18},
  number={1},
  pages={32--80},
  year={2001},
  publisher={IEEE}
}

@article{koelstra2012deap,
  title={Deap: A database for emotion analysis; using physiological signals},
  author={Koelstra, Sander and Muhl, Christian and Soleymani, Mohammad and Lee, Jong-Seok and Yazdani, Ashkan and Ebrahimi, Touradj and Pun, Thierry and Nijholt, Anton and Patras, Ioannis},
  journal={Affective Computing, IEEE Transactions on},
  volume={3},
  number={1},
  pages={18--31},
  year={2012},
  publisher={IEEE}
}

@inproceedings{soleymani2009bayesian,
  title={A bayesian framework for video affective representation},
  author={Soleymani, Mohammad and Kierkels, JJM and Chanel, G and Pun, T},
  booktitle={Affective Computing and Intelligent Interaction and Workshops, 2009. ACII 2009. 3rd International Conference on},
  pages={1--7},
  year={2009},
  organization={IEEE}
}

@article{lotte2007review,
  title={A review of classification algorithms for EEG-based brain--computer interfaces},
  author={Lotte, Fabien and Congedo, Marco and L{\'e}cuyer, Anatole and Lamarche, Fabrice and Arnaldi, Bruno and others},
  journal={Journal of neural engineering},
  volume={4},
  year={2007}
}

@article{pardey1996review,
  title={A review of parametric modelling techniques for EEG analysis},
  author={Pardey, James and Roberts, Stephen and Tarassenko, Lionel},
  journal={Medical engineering \& physics},
  volume={18},
  number={1},
  pages={2--11},
  year={1996},
  publisher={Elsevier}
}

@inproceedings{du2004temporal,
  title={Temporal vs. spectral approach to feature extraction from prehensile EMG signals},
  author={Du, Sijiang and Vuskovic, Marko},
  booktitle={Information Reuse and Integration, 2004. IRI 2004. Proceedings of the 2004 IEEE International Conference on},
  pages={344--350},
  year={2004},
  organization={IEEE}
}

@book{stoica2005spectral,
  title={Spectral analysis of signals},
  author={Stoica, Petre and Moses, Randolph L},
  year={2005},
  publisher={Pearson/Prentice Hall Upper Saddle River, NJ}
}

@misc{john1996digital,
  title={Digital Signal Processing: Principles, Algorithms and Applications},
  author={John, G Proakis and Dimitris, G Manolakis},
  year={1996},
  publisher={Upper Saddle River, New Jersey: Prentice-Hall}
}

@article{fisher1936use,
  title={The use of multiple measurements in taxonomic problems},
  author={Fisher, Ronald A},
  journal={Annals of eugenics},
  volume={7},
  number={2},
  pages={179--188},
  year={1936},
  publisher={Wiley Online Library}
}

@article{hinterberger2003brain,
  title={A brain--computer interface (BCI) for the locked-in: comparison of different EEG classifications for the thought translation device},
  author={Hinterberger, Thilo and K{\"u}bler, Andrea and Kaiser, Jochen and Neumann, Nicola and Birbaumer, Niels},
  journal={Clinical Neurophysiology},
  volume={114},
  number={3},
  pages={416--425},
  year={2003},
  publisher={Elsevier}
}

@inproceedings{millan2000local,
  title={Local neural classifier for EEG-based recognition of mental tasks},
  author={Millan, Jose del R and Mourino, Josep and Babiloni, Fabio and Cincotti, Febo and Varsta, Markus and Heikkonen, Jukka},
  booktitle={Neural Networks, IEEE-INNS-ENNS International Joint Conference on},
  volume={3},
  pages={3632--3632},
  year={2000},
  organization={IEEE Computer Society}
}

@article{ledoit2004honey,
  title={Honey, I shrunk the sample covariance matrix},
  author={Ledoit, Olivier and Wolf, Michael},
  journal={The Journal of Portfolio Management},
  volume={30},
  number={4},
  pages={110--119},
  year={2004},
  publisher={Institutional Investor Journals}
}

@article{disatnik2007shrinking,
  title={Shrinking the covariance matrix},
  author={Disatnik, David J and Benninga, Simon},
  journal={The Journal of Portfolio Management},
  volume={33},
  number={4},
  pages={55--63},
  year={2007},
  publisher={Institutional Investor Journals}
}

@article{guyon2003introduction,
  title={An introduction to variable and feature selection},
  author={Guyon, Isabelle and Elisseeff, Andr{\'e}},
  journal={The Journal of Machine Learning Research},
  volume={3},
  pages={1157--1182},
  year={2003},
  publisher={JMLR. org}
}

@inproceedings{wagner2005physiological,
  title={From physiological signals to emotions: Implementing and comparing selected methods for feature extraction and classification},
  author={Wagner, Johannes and Kim, Jonghwa and Andr{\'e}, Elisabeth},
  booktitle={Multimedia and Expo, 2005. ICME 2005. IEEE International Conference on},
  pages={940--943},
  year={2005},
  organization={IEEE}
}

